<record><leader>00000cas a2200000 a 4500</leader><controlfield tag="001">10769915</controlfield><controlfield tag="008">840524d18471852nhuwr ne      0    0eng c</controlfield><datafield ind1=" " ind2=" " tag="010"><subfield code="a">sn 84023141 </subfield></datafield><datafield ind1=" " ind2=" " tag="040"><subfield code="a">AQM</subfield><subfield code="b">eng</subfield><subfield code="c">AQM</subfield><subfield code="d">NPX</subfield><subfield code="d">DLC</subfield><subfield code="d">NPU</subfield><subfield code="d">NVH</subfield><subfield code="d">HUL</subfield><subfield code="d">DLC</subfield><subfield code="d">OCLCQ</subfield><subfield code="d">NDD</subfield><subfield code="d">OCLCF</subfield></datafield><datafield ind1="1" ind2=" " tag="029"><subfield code="a">AU@</subfield><subfield code="b">000025820602</subfield></datafield><datafield ind1=" " ind2=" " tag="042"><subfield code="a">pcc</subfield></datafield><datafield ind1=" " ind2=" " tag="043"><subfield code="a">n-us-nh</subfield></datafield><datafield ind1="0" ind2="0" tag="050"><subfield code="a">Newspaper 8757</subfield></datafield><datafield ind1="0" ind2="4" tag="245"><subfield code="a">The New Hampshire gazette and Republican union.</subfield></datafield><datafield ind1="1" ind2="3" tag="246"><subfield code="a">Gazette and union</subfield></datafield><datafield ind1=" " ind2=" " tag="260"><subfield code="a">Portsmouth, N.H. :</subfield><subfield code="b">[William Pickering Hill]</subfield></datafield><datafield ind1=" " ind2=" " tag="300"><subfield code="a">v.</subfield></datafield><datafield ind1=" " ind2=" " tag="310"><subfield code="a">Weekly</subfield></datafield><datafield ind1="0" ind2=" " tag="362"><subfield code="a">Vol. 93, no. 2 (Jan. 12, 1847)-v. 98, no. 12 (Mar. 16, 1852).</subfield></datafield><datafield ind1=" " ind2=" " tag="530"><subfield code="a">Also issued on microfilm from the Library of Congress, Photoduplication Service.</subfield></datafield><datafield ind1=" " ind2=" " tag="580"><subfield code="a">Daily ed.: Daily New Hampshire gazette and city advertiser, 1849-1850.</subfield></datafield><datafield ind1=" " ind2="0" tag="651"><subfield code="a">Portsmouth (N.H.)</subfield><subfield code="v">Newspapers.</subfield></datafield><datafield ind1=" " ind2="7" tag="655"><subfield code="a">Newspapers.</subfield><subfield code="2">fast</subfield><subfield code="0">(OCoLC)fst01423814</subfield></datafield><datafield ind1=" " ind2="7" tag="651"><subfield code="a">New Hampshire</subfield><subfield code="z">Portsmouth.</subfield><subfield code="2">fast</subfield><subfield code="0">(OCoLC)fst01207640</subfield></datafield><datafield ind1=" " ind2=" " tag="752"><subfield code="a">United States</subfield><subfield code="b">New Hampshire</subfield><subfield code="c">Rockingham</subfield><subfield code="d">Portsmouth.</subfield></datafield><datafield ind1="1" ind2=" " tag="775"><subfield code="t">Daily New Hampshire gazette and city advertiser</subfield><subfield code="w">(DLC)sn 91063050</subfield><subfield code="w">(OCoLC)23881904</subfield></datafield><datafield ind1="0" ind2="4" tag="780"><subfield code="t">New-Hampshire gazette (Portsmouth, N.H. : 1793)</subfield><subfield code="w">(DLC)sn 83025588</subfield><subfield code="w">(OCoLC)9710978</subfield></datafield><datafield ind1="0" ind2="4" tag="780"><subfield code="t">Republican union</subfield><subfield code="w">(DLC)sn 84023192</subfield><subfield code="w">(OCoLC)10807160</subfield></datafield><datafield ind1="0" ind2="0" tag="785"><subfield code="t">New Hampshire gazette (Portsmouth, N.H. : 1852)</subfield><subfield code="w">(DLC)sn 84023142</subfield><subfield code="w">(OCoLC)10769965</subfield></datafield></record>